%YAML 1.1
%TAG !u! tag:unity3d.com,2011:
--- !u!1001 &100100000
Prefab:
  m_ObjectHideFlags: 1
  serializedVersion: 2
  m_Modification:
    m_TransformParent: {fileID: 0}
    m_Modifications: []
    m_RemovedComponents: []
  m_ParentPrefab: {fileID: 0}
  m_RootGameObject: {fileID: 1000011861107444}
  m_IsPrefabParent: 1
--- !u!1 &1000011861107444
GameObject:
  m_ObjectHideFlags: 0
  m_PrefabParentObject: {fileID: 0}
  m_PrefabInternal: {fileID: 100100000}
  serializedVersion: 4
  m_Component:
  - 4: {fileID: 4000010420334386}
  - 33: {fileID: 33000010717451994}
  - 135: {fileID: 135000012321400560}
  - 23: {fileID: 23000014123256360}
  - 114: {fileID: 114000010830435534}
  - 54: {fileID: 54000013495643652}
  - 114: {fileID: 114000013971888072}
  m_Layer: 0
  m_Name: BasicEnemy1
  m_TagString: Enemy
  m_Icon: {fileID: 0}
  m_NavMeshLayer: 0
  m_StaticEditorFlags: 0
  m_IsActive: 1
--- !u!4 &4000010420334386
Transform:
  m_ObjectHideFlags: 1
  m_PrefabParentObject: {fileID: 0}
  m_PrefabInternal: {fileID: 100100000}
  m_GameObject: {fileID: 1000011861107444}
  m_LocalRotation: {x: -0.5000446, y: 0.7811555, z: 0.37115726, w: -0.04465114}
  m_LocalPosition: {x: 1.7868346, y: 9.39664, z: 3.1572526}
  m_LocalScale: {x: 0.4, y: 0.4, z: 0.4}
  m_LocalEulerAnglesHint: {x: 0, y: 0, z: 0}
  m_Children: []
  m_Father: {fileID: 0}
  m_RootOrder: 0
--- !u!23 &23000014123256360
MeshRenderer:
  m_ObjectHideFlags: 1
  m_PrefabParentObject: {fileID: 0}
  m_PrefabInternal: {fileID: 100100000}
  m_GameObject: {fileID: 1000011861107444}
  m_Enabled: 1
  m_CastShadows: 1
  m_ReceiveShadows: 1
  m_MotionVectors: 1
  m_LightProbeUsage: 1
  m_ReflectionProbeUsage: 1
  m_Materials:
  - {fileID: 10303, guid: 0000000000000000f000000000000000, type: 0}
  m_SubsetIndices: 
  m_StaticBatchRoot: {fileID: 0}
  m_ProbeAnchor: {fileID: 0}
  m_LightProbeVolumeOverride: {fileID: 0}
  m_ScaleInLightmap: 1
  m_PreserveUVs: 1
  m_IgnoreNormalsForChartDetection: 0
  m_ImportantGI: 0
  m_SelectedWireframeHidden: 0
  m_MinimumChartSize: 4
  m_AutoUVMaxDistance: 0.5
  m_AutoUVMaxAngle: 89
  m_LightmapParameters: {fileID: 0}
  m_SortingLayerID: 0
  m_SortingOrder: 0
--- !u!33 &33000010717451994
MeshFilter:
  m_ObjectHideFlags: 1
  m_PrefabParentObject: {fileID: 0}
  m_PrefabInternal: {fileID: 100100000}
  m_GameObject: {fileID: 1000011861107444}
  m_Mesh: {fileID: 10207, guid: 0000000000000000e000000000000000, type: 0}
--- !u!54 &54000013495643652
Rigidbody:
  m_ObjectHideFlags: 1
  m_PrefabParentObject: {fileID: 0}
  m_PrefabInternal: {fileID: 100100000}
  m_GameObject: {fileID: 1000011861107444}
  serializedVersion: 2
  m_Mass: 1
  m_Drag: 0
  m_AngularDrag: 0
  m_UseGravity: 0
  m_IsKinematic: 1
  m_Interpolate: 0
  m_Constraints: 0
  m_CollisionDetection: 0
--- !u!114 &114000010830435534
MonoBehaviour:
  m_ObjectHideFlags: 1
  m_PrefabParentObject: {fileID: 0}
  m_PrefabInternal: {fileID: 100100000}
  m_GameObject: {fileID: 1000011861107444}
  m_Enabled: 1
  m_EditorHideFlags: 0
  m_Script: {fileID: 11500000, guid: 4a2d9078dbe17bc4f966c9d2310be047, type: 3}
  m_Name: 
  m_EditorClassIdentifier: 
  pathContainer: {fileID: 0}
  onStart: 1
  moveToPath: 1
  reverse: 0
  startPoint: 0
  currentPoint: 25
  closeLoop: 0
  local: 0
  lookAhead: 0
  sizeToAdd: 0
  timeValue: 1
  speed: 0.5
  animEaseType:
    serializedVersion: 2
    m_Curve: []
    m_PreInfinity: 2
    m_PostInfinity: 2
    m_RotationOrder: 4
  loopType: 0
  waypoints:
  - {x: -1.1170928, y: 3.040838, z: -10.370439}
  - {x: -1.6958416, y: 3.5507052, z: -10.248439}
  - {x: -1.836768, y: 5.8410463, z: -9.797439}
  - {x: -1.7081002, y: 6.769623, z: -9.258439}
  - {x: -1.9258724, y: 7.5186234, z: -8.528439}
  - {x: -1.415337, y: 8.1287, z: -7.7434387}
  - {x: -1.5179973, y: 8.706378, z: -7.1924386}
  - {x: -1.2250929, y: 8.976838, z: -6.850439}
  - {x: -0.28709286, y: 9.298838, z: -6.142439}
  - {x: 0.34190714, y: 9.499838, z: -5.9374385}
  - {x: 1.2949071, y: 9.586838, z: -5.6084385}
  - {x: 2.1629071, y: 9.230838, z: -5.148439}
  - {x: 2.962907, y: 8.610838, z: -5.6184387}
  - {x: 3.6376555, y: 7.910838, z: -5.61382}
  - {x: 4.222907, y: 7.320838, z: -5.7384386}
  - {x: 5.1129074, y: 6.860838, z: -5.1479206}
  - {x: 6.262907, y: 6.690838, z: -3.7906342}
  - {x: 6.701907, y: 6.847838, z: -1.9526138}
  - {x: 6.7340584, y: 6.778178, z: -0.2640381}
  - {x: 6.592907, y: 6.9688377, z: 1.7325611}
  - {x: 6.381486, y: 7.237838, z: 2.6525612}
  - {x: 6.0469074, y: 7.4098377, z: 3.4125614}
  - {x: 5.4829073, y: 7.617838, z: 3.7215614}
  - {x: 4.7224264, y: 7.8248377, z: 3.8255615}
  - {x: 3.7468998, y: 8.31991, z: 3.7895613}
  - {x: 2.3116233, y: 8.979838, z: 3.5755672}
  - {x: 1.7809072, y: 9.403838, z: 3.147561}
  - {x: 1.4694884, y: 10.002838, z: 2.1975613}
  - {x: 1.3879073, y: 10.229838, z: 1.1855612}
  - {x: 1.5799398, y: 10.159838, z: 0.29967976}
  - {x: 1.9993451, y: 10.052838, z: -0.052438736}
  - {x: 2.376907, y: 9.838838, z: -0.38743877}
  - {x: 2.9147108, y: 9.643838, z: -0.69440556}
  - {x: 3.5812314, y: 9.301838, z: -0.6943741}
  - {x: 4.2519073, y: 8.870838, z: -0.7785673}
  - {x: 4.830907, y: 8.475838, z: -0.7469082}
  - {x: 5.4339075, y: 8.024838, z: -0.61862373}
  - {x: 6.002261, y: 7.5598383, z: -0.51531124}
  - {x: 6.4587765, y: 7.096838, z: -0.4366684}
  - {x: 7.1179066, y: 6.248926, z: -0.028785706}
  - {x: 7.568907, y: 5.656838, z: 0.09731388}
  - {x: 8.025907, y: 4.860838, z: 0.12933922}
  - {x: 8.261907, y: 3.9361281, z: 0.035230637}
  - {x: 8.261907, y: 3.1898036, z: -0.110072136}
  - {x: 8.459907, y: 1.129838, z: -0.19043827}
  - {x: 8.328907, y: 0.18724036, z: -0.31741905}
  - {x: 7.682907, y: -0.40104628, z: -0.24943829}
  - {x: 6.8799076, y: -1.518162, z: -0.2594385}
  events: []
  pathType: 1
  pathMode: 1
  easeType: 1
  lockPosition: 0
  lockRotation: 0
--- !u!114 &114000013971888072
MonoBehaviour:
  m_ObjectHideFlags: 1
  m_PrefabParentObject: {fileID: 0}
  m_PrefabInternal: {fileID: 100100000}
  m_GameObject: {fileID: 1000011861107444}
  m_Enabled: 1
  m_EditorHideFlags: 0
  m_Script: {fileID: 11500000, guid: 691f806edf530aa4baf67cb33c0e96ee, type: 3}
  m_Name: 
  m_EditorClassIdentifier: 
  decreaseOnProjectileHit: 10
  startingHealth: 100
--- !u!135 &135000012321400560
SphereCollider:
  m_ObjectHideFlags: 1
  m_PrefabParentObject: {fileID: 0}
  m_PrefabInternal: {fileID: 100100000}
  m_GameObject: {fileID: 1000011861107444}
  m_Material: {fileID: 0}
  m_IsTrigger: 1
  m_Enabled: 1
  serializedVersion: 2
  m_Radius: 0.5
  m_Center: {x: 0, y: 0, z: 0}
